<record><leader>00000cas a2200000Ma 4500</leader><controlfield tag="001">10708329</controlfield><controlfield tag="008">840509d18uu1873ctuwr ne      0    0eng d</controlfield><datafield ind1=" " ind2=" " tag="010"><subfield code="a">sn 84023040 </subfield></datafield><datafield ind1=" " ind2=" " tag="040"><subfield code="a">AQM</subfield><subfield code="b">eng</subfield><subfield code="c">AQM</subfield><subfield code="d">OCLCQ</subfield></datafield><datafield ind1="0" ind2=" " tag="130"><subfield code="a">New London Democrat (New London, Conn.)</subfield></datafield><datafield ind1="1" ind2="0" tag="245"><subfield code="a">New London Democrat.</subfield></datafield><datafield ind1=" " ind2=" " tag="260"><subfield code="a">New London, Conn. :</subfield><subfield code="b">[s.n.]</subfield></datafield><datafield ind1=" " ind2=" " tag="300"><subfield code="a">v.</subfield></datafield><datafield ind1=" " ind2=" " tag="310"><subfield code="a">Weekly</subfield></datafield><datafield ind1="1" ind2=" " tag="362"><subfield code="a">Ceased in 1873.</subfield></datafield><datafield ind1=" " ind2=" " tag="500"><subfield code="a">Editors: D. Ruddock, &lt;1863-1871&gt;; J. Tibbits, &lt;1870-1871&gt;.</subfield></datafield><datafield ind1=" " ind2=" " tag="500"><subfield code="a">Publishers: Ruddock &amp; Tibbits, &lt;1870-1871&gt;.</subfield></datafield><datafield ind1=" " ind2=" " tag="580"><subfield code="a">Daily eds.: New-London daily star; Daily star (New London, Conn. : 1868).</subfield></datafield><datafield ind1=" " ind2=" " tag="588"><subfield code="a">Description based on: Vol. 18, no. 48 (Jan. 10, 1863).</subfield></datafield><datafield ind1=" " ind2="7" tag="655"><subfield code="a">Newspapers.</subfield><subfield code="2">rbgenr</subfield></datafield><datafield ind1="1" ind2=" " tag="700"><subfield code="a">Ruddock, David S.</subfield></datafield><datafield ind1="1" ind2=" " tag="700"><subfield code="a">Tibbits, John A.</subfield></datafield><datafield ind1=" " ind2=" " tag="752"><subfield code="a">United States</subfield><subfield code="b">Connecticut</subfield><subfield code="c">New London</subfield><subfield code="d">New London.</subfield></datafield><datafield ind1="1" ind2=" " tag="775"><subfield code="t">New-London daily star</subfield><subfield code="w">(DLC)sn 82006778</subfield></datafield><datafield ind1="1" ind2=" " tag="775"><subfield code="t">Daily star (New London, Conn. : 1868)</subfield><subfield code="w">(DLC)sn 84023028</subfield></datafield><datafield ind1="0" ind2="0" tag="780"><subfield code="t">Weekly Democrat (New London, Conn.)</subfield><subfield code="w">(DLC)sn 82006805</subfield></datafield><datafield ind1="0" ind2="0" tag="785"><subfield code="t">Connecticut gazette (New London, Conn. : 1873)</subfield><subfield code="w">(DLC)sn 84023031</subfield></datafield><datafield ind1="1" ind2=" " tag="029"><subfield code="a">AU@</subfield><subfield code="b">000020228325</subfield></datafield></record>